<record><leader>00000cas a22000007a 4500</leader><controlfield tag="001">313753919</controlfield><controlfield tag="008">090310c20079999mauer n       |   k0kor c</controlfield><datafield ind1=" " ind2=" " tag="010"><subfield code="a">  2009200139</subfield></datafield><datafield ind1=" " ind2=" " tag="040"><subfield code="a">NSD</subfield><subfield code="b">eng</subfield><subfield code="c">NSD</subfield><subfield code="d">OCLCQ</subfield></datafield><datafield ind1=" " ind2=" " tag="066"><subfield code="c">$1</subfield></datafield><datafield ind1=" " ind2=" " tag="012"><subfield code="l">1</subfield></datafield><datafield ind1="0" ind2=" " tag="022"><subfield code="a">1947-1076</subfield><subfield code="l">1947-1076</subfield><subfield code="2">1</subfield></datafield><datafield ind1=" " ind2=" " tag="037"><subfield code="b">Korean American Press, 300 Trade Center, Suite 3590, Woburn WA 01803</subfield></datafield><datafield ind1=" " ind2=" " tag="042"><subfield code="a">msc</subfield><subfield code="a">nsdp</subfield></datafield><datafield ind1="1" ind2="0" tag="050"><subfield code="a">ISSN RECORD</subfield></datafield><datafield ind1="1" ind2="0" tag="082"><subfield code="a">305</subfield><subfield code="2">14</subfield></datafield><datafield ind1=" " ind2="0" tag="222"><subfield code="a">Bosu&#774;t'o&#774;n Kaep</subfield></datafield><datafield ind1="0" ind2="0" tag="245"><subfield code="6">880-01</subfield><subfield code="a">Bosu&#774;t'o&#774;n Kaep.</subfield></datafield><datafield ind1="1" ind2="1" tag="246"><subfield code="a">Korean American Press</subfield></datafield><datafield ind1="1" ind2="3" tag="246"><subfield code="6">880-02</subfield><subfield code="a">Kaep</subfield></datafield><datafield ind1="1" ind2="3" tag="246"><subfield code="a">Kap</subfield></datafield><datafield ind1="1" ind2="3" tag="246"><subfield code="a">Boston Kap</subfield></datafield><datafield ind1="1" ind2="3" tag="246"><subfield code="6">880-03</subfield><subfield code="a">Bosu&#774;t'o&#774;n Kap</subfield></datafield><datafield ind1="1" ind2="3" tag="246"><subfield code="6">880-04</subfield><subfield code="a">Hanin Yo&#774;nhap Sinmun</subfield></datafield><datafield ind1=" " ind2=" " tag="260"><subfield code="a">Woburn, MA :</subfield><subfield code="b">New England Media Group</subfield></datafield><datafield ind1=" " ind2=" " tag="310"><subfield code="a">Biweekly</subfield></datafield><datafield ind1="1" ind2=" " tag="362"><subfield code="a">Began in 2007?</subfield></datafield><datafield ind1=" " ind2=" " tag="588"><subfield code="a">Description based on: Tonggwo&#774;n 2-64-ho (2008-yo&#774;n 12-wo&#774;l 5-il Ku&#774;myoil); title from masthead.</subfield></datafield><datafield ind1="2" ind2=" " tag="710"><subfield code="a">New England Media Group.</subfield></datafield><datafield ind1=" " ind2=" " tag="752"><subfield code="a">United States</subfield><subfield code="b">Massachussetts</subfield><subfield code="d">Boston.</subfield></datafield><datafield ind1="0" ind2="0" tag="880"><subfield code="6">245-01/$1</subfield><subfield code="a">&#48372;&#49828;&#53556; &#52897;.</subfield></datafield><datafield ind1="1" ind2="3" tag="880"><subfield code="6">246-02/$1</subfield><subfield code="a">&#52897;</subfield></datafield><datafield ind1="1" ind2="3" tag="880"><subfield code="6">246-03/$1</subfield><subfield code="a">&#48372;&#49828;&#53556; Kap</subfield></datafield><datafield ind1="1" ind2="3" tag="880"><subfield code="6">246-04/$1</subfield><subfield code="a">&#54620;&#51064; &#50672;&#54633; &#49888;&#47928;</subfield></datafield></record>